@book{rosen,
	author = {Rosen, Kenneth H.},
	title = {Discrete Mathematics and its Applications},
	publisher = {McGraw-Hill,},
	year = {2019},
	address = {New York, NY},
	edition = {8}
}

@book{scythe,
	title = {Scythe},
	series = {Arc of a Scythe},
	author = {Neal Shusterman},
	year = {2016},
	publisher = {Simon \& Schuster}
}

@book{english-fairy-tales,
	title={English Fairy Tales},
	author={Joseph Jacobs},
	series={English Fairy Tales},
	year={1890},
	publisher={David Nutt}
}

@book{one-fish-two-fish,
	title={One Fish, Two Fish, Red Fish, Blue Fish},
	author={Theodor Geisel},
	series={Beginner Books},
	year={1960},
	publisher={Beginner Books}
}

@book{pugh-analysis,
	title={Real Mathematical Analysis},
	author={Charles C. Pugh},
	series={Undergraduate Texts in Mathematics},
	year={2015},
	publisher={Springer International Publishing}
}

@book{napkin,
    booktitle = {An Infinitely Large Napkin},
	title = {An Infinitely Large Napkin},
	url = "https://venhance.github.io/napkin/Napkin.pdf",
	year = {2022},
	author = {Evan Chen},
}

@misc{people-watching-nostalgia,
  author       = {Winston Rowntree},
  url          = {https://youtu.be/s9mfi0L6PC4?t=336},
  title        = {People Watching: Why Nostalgia Is Total Bull},
  year         = {2017}
}